@book{Sebesta,
 author = {Sebesta, Robert W.},
 title = {Concepts of Programming Languages},
 year = {2016},
 edition = {11th},
 publisher = {Addison-Wesley Publishing Company},
 address = {USA},
} 

@book{Levine,
 author = {Levine, John and Mason, Tony and Brown, Doug},
 title = {Lex \& Yacc},
 year = {1992},
 edition = {2nd},
 publisher = {O'Reilly},
} 